%% Created using Papers on Fri, 25 Sep 2015.
%% http://papersapp.com/papers/

@article{Kim:2015ii,
author = {Kim, Jayoung and de Araujo, William R and Samek, Izabela A and Bandodkar, Amay J and Jia, Wenzhao and Brunetti, Barbara and Paix{\~a}o, Thiago R L C and Wang, Joseph},
title = {{Wearable temporary tattoo sensor for real-time trace metal monitoring in human sweat}},
journal = {Electrochemistry Communications},
year = {2015},
volume = {51},
number = {C},
pages = {41--45},
month = feb
}

@article{Tchvialeva:2014wl,
author = {Tchvialeva, Lioudmila and Zeng, Haishan and Markhvida, Igot and McLean, David I and Lui, Harvey and Lee, Tim K},
title = {{Skin Roughness Assessment}},
journal = {New Developments in Biomedcial Engineering},
year = {2014},
pages = {1--19},
month = mar
}

@inproceedings{Gannon:2015fy,
author = {Gannon, Madeline and Grossman, Tovi and Fitzmaurice, George},
title = {{Tactum: A Skin-Centric Approach to Digital Design and Fabrication}},
booktitle = {CHI '15 Proceedings of the 33rd Annual ACM Conference on Human Factors in Computing Systems},
year = {2015},
publisher = {~ACM  Request Permissions},
month = apr
}

@article{Lin:2015kd,
author = {Lin, Monica C and Liao, Amy and Leeflang, Elisabeth J and Khan, Yasser and Pavinatto, Felippe J and Mann, Kaylee and Naujokas, Agne and Young, David and Roy, Shuvo and Harrison, Michael R and Arias, Ana Claudia and Subramanian, Vivek and Swisher, Sarah L and Maharbiz, Michel M},
title = {{Impedance sensing device enables early detection of pressure ulcers in vivo}},
journal = {Nature Communications},
year = {2015},
volume = {6},
pages = {1--10},
month = mar
}

@booklet{Perry:CXGigkdt,
title = {{Pulled: A Catalog of Screen Printing}},
author = {Perry, M},
year = {2011}
}

@booklet{Zimmer:2011wb,
title = {{Science ink: tattoos of the science obsessed}},
author = {Zimmer, C},
howpublished = {Sterling},
year = {2011}
}

@article{Bandodkar:2014dl,
author = {Bandodkar, Amay J and Molinnus, Denise and Mirza, Omar and Guinovart, Tom{\'a}s and Windmiller, Joshua R and Vald{\'e}s-Ram{\'\i}rez, Gabriela and Andrade, Francisco J and Sch{\"o}ning, Michael J and Wang, Joseph},
title = {{Epidermal tattoo potentiometric sodium sensors with wireless signal transduction for continuous non-invasive sweat monitoring}},
journal = {Biosensors and Bioelectronic},
year = {2014},
volume = {54},
number = {C},
pages = {603--609},
month = apr
}

@article{Wong:2011df,
author = {Wong, Fernando J and Takahashi, Shigeo},
title = {{A Graph-based Approach to Continuous Line Illustrations with Variable Levels of Detail}},
journal = {Computer Graphics Forum},
year = {2011},
volume = {30},
number = {7},
pages = {1931--1939},
month = nov
}

@booklet{Mifflin:2013ux,
title = {{Bodies of subversion}},
author = {Mifflin, M},
year = {2013}
}

@inproceedings{Ion:2015ig,
author = {Ion, Alexandra and Wang, Edward Jay and Baudisch, Patrick},
title = {{Skin Drag Displays: Dragging a Physical Tactor across the User's Skin Produces a Stronger Tactile Stimulus than Vibrotactile}},
booktitle = {CHI '15 Proceedings of the 33rd Annual ACM Conference on Human Factors in Computing Systems},
year = {2015},
publisher = {~ACM  Request Permissions},
month = apr
}

@inproceedings{DavidKim:2012uu,
author = {Kim, D and Hilliges, O and Izadi, S and Butler, A D and Chen, J},
title = {{Digits: freehand 3D interactions anywhere using a wrist-worn gloveless sensor}},
booktitle = {UIST '12 Proceedings of the 25th annual ACM symposium on User interface software and technology},
year = {2012}
}

@article{Mellis:2012ul,
author = {Mellis, David A and Jacoby, Sam and Buechley, Leah and Perner-Wilson, Hannah and Qi, Jie},
title = {{Microcontrollers as Material: Crafting Circuits with Paper, Conductive Ink, Electronic Components, and an {\textquotedblleft}Untoolkit{\textquotedblright}}},
journal = {TEI 2013},
year = {2012},
pages = {1--8},
month = dec
}

@article{Laidlaw:2001ub,
author = {Laidlaw, David H},
title = {{Loose, Artistic "Textures" for Visualization}},
journal = {IEEE Computer Graphics and Applications},
year = {2001},
pages = {1--4},
month = aug
}

@article{Frutiger:2015fm,
author = {Frutiger, Andreas and Muth, Joseph T and Vogt, Daniel M and Meng{\"u}{\c c}, Yi{\u{g}}it and Campo, Alexandre and Valentine, Alexander D and Walsh, Conor J and Lewis, Jennifer A},
title = {{Capacitive Soft Strain Sensors via Multicore-Shell Fiber Printing}},
journal = {Advanced Materials},
year = {2015},
volume = {27},
number = {15},
pages = {2440--2446},
month = mar
}

@article{Tchvialeva:2014wla,
author = {Tchvialeva, Lioudmila and Zeng, Haishan and Markhvida, Igot and McLean, David I and Lui, Harvey and Lee, Tim K},
title = {{Skin Roughness Assessment}},
journal = {New Developments in Biomedcial Engineering},
year = {2014},
pages = {1--19},
month = mar
}

@inproceedings{Anonymous:Ws38vcEj,
author = {Teh, JKS and Cheok, A D and Peiris, R L and Choi, Y},
title = {{Huggy Pajama: a mobile parent and child hugging communication system}},
booktitle = {IDC '08 Proceedings of the 7th international conference on Interaction design and children},
year = {2008}
}

@webpage{Norton:OK5Z52w0,
author = {Norton, Quinn},
title = {{Final Chapter of the Magnet Story}}
}

@inproceedings{TYPEPD:2013td,
author = {Olberding, S and Gong, N W and Tiab, J and Paradiso, J A},
title = {{A cuttable multi-touch sensor}},
booktitle = {UIST '13 Proceedings of the 26th annual ACM symposium on User interface software and technology},
year = {2013}
}

@article{Yu:2014ht,
author = {Yu, C and Li, Y and Zhang, X and Huang, X and Malyarchuk, V and Wang, S and Shi, Y and Gao, L and Su, Y and Zhang, Y and Xu, H and Hanlon, R T and Huang, Y and Rogers, J A},
title = {{Adaptive optoelectronic camouflage systems with designs inspired by cephalopod skins}},
journal = {Proceedings of the National Academy of Sciences},
year = {2014},
volume = {111},
number = {36},
pages = {12998--13003},
month = sep
}

@article{Bandodkar:2015iy,
author = {Bandodkar, Amay J and Nu{\~n}ez-Flores, Rogelio and Jia, Wenzhao and Wang, Joseph},
title = {{All-Printed Stretchable Electrochemical Devices}},
journal = {Advanced Materials},
year = {2015},
volume = {27},
number = {19},
pages = {3060--3065},
month = apr
}

@inproceedings{Harrison:2014ft,
author = {Harrison, Chris and Faste, Haakon},
title = {{Implications of location and touch for on-body projected interfaces}},
booktitle = {DIS '14 Proceedings of the 2014 conference on Designing interactive systems},
year = {2014},
pages = {543--552},
publisher = {ACM Press},
address = {New York, New York, USA}
}

@webpage{Stelarc:5Hvf9Mel,
author = {{Stelarc}},
title = {{Ear on Arm: Engineering Internet Organ}}
}

@inproceedings{Laput:2014du,
author = {Laput, Gierad and Xiao, Robert and Chen, Xiang 'Anthony and Hudson, Scott E and Harrison, Chris},
title = {{Skin buttons}},
booktitle = {UIST '14 Proceedings of the 27th annual ACM symposium on User interface software and technology},
year = {2014},
pages = {389--394},
publisher = {ACM Press},
address = {New York, New York, USA}
}

@inproceedings{Baudisch:2011tm,
author = {Wimmer, Raphael and Baudisch, Patrick},
title = {{Modular and deformable touch-sensitive surfaces based on time domain reflectometry}},
booktitle = {the 24th annual ACM symposium},
year = {2011},
pages = {517--10},
publisher = {ACM Press},
address = {New York, New York, USA}
}

@inproceedings{Holleis:2008wn,
author = {Holleis, Paul and Schmidt, Albrecht and Paasovaara, Susanna and Puikkonen, Arto and Hakkila, Jonna},
title = {{Evaluating capacitive touch input on clothes}},
booktitle = {MobileHCI '08: Proceedings of the 10th international conference on Human computer interaction with mobile devices and services},
year = {2008},
pages = {81},
publisher = {~ACM  Request Permissions},
address = {New York, New York, USA},
month = sep
}

@article{Yu:2013ir,
author = {Yu, Cunjiang and Zhang, Yihui and Cheng, Dongkai and Li, Xuetong and Huang, Yonggang and Rogers, John a},
title = {{All-Elastomeric, Strain-Responsive Thermochromic Color Indicators}},
journal = {Small},
year = {2013},
volume = {10},
number = {7},
pages = {1266--1271},
month = nov
}

@inproceedings{Weigel:2015fh,
author = {Weigel, Martin and Lu, Tong and Bailly, Gilles and Oulasvirta, Antti and Majidi, Carmel and Steimle, Jurgen},
title = {{iSkin}},
booktitle = {the 30th Annual ACM Conference},
year = {2015},
pages = {2991--3000},
publisher = {ACM Press},
address = {New York, New York, USA}
}

@article{Hammock:2013dd,
author = {Hammock, M L and Chortos, A and Tee, BCK},
title = {{25th Anniversary Article: The Evolution of Electronic Skin (E-Skin): A Brief History, Design Considerations, and Recent Progress}},
journal = {Advanced Materials},
year = {2013}
}

@booklet{Scherz:_BfVY1Mg,
title = {{Practical electronics for inventors}},
author = {Scherz, P and Monk, S and Margolis, M and Fitzer, C},
year = {2013}
}

@inproceedings{Anonymous:SXhsXv7-,
author = {Mailvaganam, A and Bakker, S},
title = {{SpectroFlexia: interactive stained glass as a flexible peripheral information display}},
booktitle = {TEI '13 Proceedings of the 7th International Conference on Tangible, Embedded and Embodied Interaction},
year = {2013}
}

@inproceedings{Holz:2012ti,
author = {Holz, C and Grossman, T and Fitzmaurice, G},
title = {{Implanted user interfaces}},
booktitle = {CHI '12 Proceedings of the SIGCHI Conference on Human Factors in Computing Systems},
year = {2012}
}

@inproceedings{Weigel:2014hz,
author = {Weigel, Martin and Mehta, Vikram and Steimle, Jurgen},
title = {{More than touch: understanding how people use skin as an input surface for mobile computing}},
booktitle = {CHI '14 Proceedings of the SIGCHI Conference on Human Factors in Computing Systems},
year = {2014},
pages = {179--188},
publisher = {ACM Press},
address = {New York, New York, USA}
}

@article{Derler:2007dd,
author = {Derler, S and Schrade, U and Gerhardt, L C},
title = {{Tribology of human skin and mechanical skin equivalents in contact with textiles}},
journal = {Wear},
year = {2007}
}

@article{Kim:2014el,
author = {Kim, J and Lee, M and Shim, H J and Ghaffari, R and Cho, H R},
title = {{Stretchable silicon nanoribbon electronics for skin prosthesis}},
journal = {Nature},
year = {2014}
}

@inproceedings{chris:2011ve,
author = {Harrison, C and Ramamurthy, S and Hudson, S E},
title = {{On-body interaction: armed and dangerous}},
booktitle = {TEI '12 Proceedings of the Sixth International Conference on Tangible, Embedded and Embodied Interaction},
year = {2012}
}

@webpage{Anonymous:6vWXbuD5,
title = {{Typical Characteristics of Silver Inks. http://www.creativematerials.com/products/silver-inks/}},
url = {http://www.creativematerials.com/products/ag-agcl-inks/}
}

@article{Cristea:2009uq,
author = {Cristea, C and Bodoki, E and Sima, V and Sandulescu, R},
title = {{Modified screen printed electrodes for the development of biosensors}},
journal = {International Conference on Advancements of Medicine and Health Care through Technology},
year = {2009}
}

@article{Bandodkar:2014bz,
author = {Bandodkar, Amay J and Wang, Joseph},
title = {{Non-invasive wearable electrochemical sensors: a review}},
journal = {Trends in Biotechnology},
year = {2014},
volume = {32},
number = {7},
pages = {363--371},
month = jul
}

@article{Kim:2014iq,
author = {Kim, Jeonghyun and Banks, Anthony and Cheng, Huanyu and Xie, Zhaoqian and Xu, Sheng and Jang, Kyung-In and Lee, Jung Woo and Liu, Zhuangjian and Gutruf, Philipp and Huang, Xian and Wei, Pinghung and Liu, Fei and Li, Kan and Dalal, Mitul and Ghaffari, Roozbeh and Feng, Xue and Huang, Yonggang and Gupta, Sanjay and Paik, Ungyu and Rogers, John a},
title = {{Epidermal Electronics with Advanced Capabilities in Near-Field Communication}},
journal = {Small},
year = {2014},
volume = {11},
number = {8},
pages = {906--912},
month = nov
}

@inproceedings{ChrisHarrison:2010vi,
author = {Harrison, C and Tan, D and Morris, D},
title = {{Skinput: appropriating the body as an input surface}},
booktitle = {CHI '10 Proceedings of the SIGCHI Conference on Human Factors in Computing Systems},
year = {2010}
}

@article{Siegel:2009hn,
author = {Siegel, Adam C and Phillips, Scott T and Wiley, Benjamin J and Whitesides, George M},
title = {{Thin, lightweight, foldable thermochromic displays on paper}},
journal = {Lab on a Chip},
year = {2009},
volume = {9},
number = {19},
pages = {2775--8}
}

@article{Lisa:2011tk,
author = {Tarun, A P and Lahey, B and Girouard, A and Burleson, W},
title = {{Snaplet: using body shape to inform function in mobile flexible display devices}},
journal = {CHI '11 Extended Abstracts on Human Factors in Computing Systems},
year = {2011}
}

@article{Kim:2011bv,
author = {Kim, D H and Lu, N and Ma, R and Kim, Y S and Kim, R H and Wang, S and Wu, J and Won, S M and Tao, H and Islam, A and Yu, K J and Kim, T i and Chowdhury, R and Ying, M and Xu, L and Li, M and Chung, H J and Keum, H and McCormick, M and Liu, P and Zhang, Y W and Omenetto, F G and Huang, Y and Coleman, T and Rogers, J A},
title = {{Epidermal Electronics}},
journal = {Science},
year = {2011},
volume = {333},
number = {6044},
pages = {838--843},
month = aug
}

@booklet{Grognard:o1z3U5M2,
title = {{The Tattoo: graffiti for the soul}},
author = {Grognard, C and Lazi, C},
year = {1994}
}

@article{Son:2014iya,
author = {Son, Donghee and Lee, Jongha and Qiao, Shutao and Ghaffari, Roozbeh and Kim, Jaemin and Lee, Ji Eun and Song, Changyeong and Kim, Seok Joo and Lee, Dong Jun and Jun, Samuel Woojoo and Yang, Shixuan and Park, Minjoon and Shin, Jiho and Do, Kyungsik and Lee, Mincheol and Kang, Kwanghun and Hwang, Cheol Seong and Lu, Nanshu and Hyeon, Taeghwan and Kim, Dae-Hyeong},
title = {{Multifunctional wearable devices for diagnosis and therapy of movement disorders}},
journal = {Nature Nanotechnology},
year = {2014},
volume = {9},
number = {5},
pages = {397--404},
month = mar
}

@article{Leiva:2013ur,
author = {Peiris, R L and Nakatsu, R},
title = {{A temerature-based touch-sensor for non-emissive textile displays}},
journal = {CHI '13 Extended Abstracts on Human Factors in Computing Systems},
year = {2013}
}

@article{Arias:2010fq,
author = {Arias, A C and MacKenzie, J D and McCulloch, I and Rivnay, J},
title = {{Materials and applications for large area electronics: solution-based approaches}},
journal = {Chemical Reviews},
year = {2010}
}

@article{Gaikwad:2011hb,
author = {Gaikwad, Abhinav M and Whiting, Gregory L and Steingart, Daniel A and Arias, Ana Claudia},
title = {{Highly Flexible, Printed Alkaline Batteries Based on Mesh-Embedded Electrodes}},
journal = {Advanced Materials},
year = {2011},
volume = {23},
number = {29},
pages = {3251--3255},
month = jun
}

@booklet{Dillon:2008uc,
title = {{Print Liberation: Screen Printing Primer}},
author = {Dillon, J and Paparone, N and Jenison, L},
year = {2008}
}

@article{Takabayashi:2009gr,
author = {Ahn, B Y and Duoss, E B and Motala, M J and Guo, X and Park, S I and Xiong, Y},
title = {{Omnidirectional printing of flexible, stretchable, and spanning silver microelectrodes}},
journal = {Science},
year = {2009}
}

@inproceedings{Burstyn:2015bk,
author = {Burstyn, Jesse and Strohmeier, Paul and Vertegaal, Roel},
title = {{DisplaySkin: Exploring Pose-Aware Displays on a Flexible Electrophoretic Wristband}},
booktitle = {TEI '15 Proceedings of the Ninth International Conference on Tangible, Embedded, and Embodied Interaction},
year = {2015},
pages = {165--172},
publisher = {ACM Press},
address = {New York, New York, USA}
}

@article{Anonymous:L82kTfjJ,
author = {Kramer, R K and Majidi, C and Wood, R J},
title = {{Wearable tactile keypad with stretchable artificial skin}},
journal = {IEEE Robotics and Automation},
year = {2011}
}

@inproceedings{Dementyev:2014gg,
author = {Dementyev, Artem and Paradiso, Joseph A},
title = {{WristFlex}},
booktitle = {UIST '14 Proceedings of the 27th annual ACM symposium on User interface software and technology},
year = {2014},
pages = {161--166},
publisher = {ACM Press},
address = {New York, New York, USA}
}

@article{Jeong:2013km,
author = {Jeong, Jae-Woong and Kim, Min Ku and Cheng, Huanyu and Yeo, Woon-Hong and Huang, Xian and Liu, Yuhao and Zhang, Yihui and Huang, Yonggang and Rogers, John a},
title = {{Capacitive Epidermal Electronics for Electrically Safe, Long-Term Electrophysiological Measurements}},
journal = {Advanced Healthcare Materials},
year = {2013},
volume = {3},
number = {5},
pages = {642--648},
month = oct
}

@article{Son:2014iy,
author = {Son, Donghee and Lee, Jongha and Qiao, Shutao and Ghaffari, Roozbeh and Kim, Jaemin and Lee, Ji Eun and Song, Changyeong and Kim, Seok Joo and Lee, Dong Jun and Jun, Samuel Woojoo and Yang, Shixuan and Park, Minjoon and Shin, Jiho and Do, Kyungsik and Lee, Mincheol and Kang, Kwanghun and Hwang, Cheol Seong and Lu, Nanshu and Hyeon, Taeghwan and Kim, Dae-Hyeong},
title = {{Multifunctional wearable devices for diagnosis and therapy of movement disorders}},
journal = {Nature Nanotechnology},
year = {2014},
volume = {9},
number = {5},
pages = {397--404},
month = mar
}

@article{Mannsfeld:2010is,
author = {Mannsfeld, Stefan C B and Tee, Benjamin C-K and Stoltenberg, Randall M and Chen, Christopher V H-H and Barman, Soumendra and Muir, Beinn V O and Sokolov, Anatoliy N and Reese, Colin and Bao, Zhenan},
title = {{Highly sensitive flexible pressure sensors with microstructured rubber dielectric layers}},
journal = {Nature materials},
year = {2010},
volume = {9},
number = {10},
pages = {859--864},
month = sep
}

@inproceedings{Anonymous:2009ua,
author = {Saponas, T Scott and Tan, Desney S and Morris, Dan and Balakrishnan, Ravin and Turner, Jim and Landay, James A},
title = {{Enabling always-available input with muscle-computer interfaces}},
booktitle = {UIST '09: Proceedings of the 22nd annual ACM symposium on User interface software and technology},
year = {2009},
publisher = {~ACM  Request Permissions},
month = oct
}

@article{Jang:1gb,
author = {Jang, Kyung-In and Han, Sang Youn and Xu, Sheng and Mathewson, Kyle E and Zhang, Yihui and Jeong, Jae-Woong and Kim, Gwang-Tae and Webb, R Chad and Lee, Jung Woo and Dawidczyk, Thomas J and Kim, Rak-Hwan and Song, Young Min and Yeo, Woon-Hong and Kim, Stanley and Cheng, Huanyu and Il Rhee, Sang and Chung, Jeahoon and Kim, Byunggik and Chung, Ha Uk and Lee, Dongjun and Yang, Yiyuan and Cho, Moongee and Gaspar, John G and Carbonari, Ronald and Fabiani, Monica and Gratton, Gabriele and Huang, Yonggang and Rogers, John a},
title = {{Rugged and breathable forms of stretchable electronics with adherent composite substrates for transcutaneous monitoring}},
journal = {Nature Communications},
year = {2014},
volume = {5},
pages = {1--10}
}

@article{Doss:2009ee,
author = {Doss, K and Hubbard, AS Ebesu},
title = {{The communicative value of tattoos: The role of public self-consciousness on tattoo visibility}},
journal = {Communication research reports},
year = {2009}
}

@article{ByCourtneyRubin:tj,
author = {{By Courtney Rubin}},
title = {{Temporary Tattoos, Now for Grown-Ups, Too}},
journal = {The New York Times}
}

@inproceedings{SeanGustafson:2010vh,
author = {Gustafson, S and Bierwirth, D and Baudisch, P},
title = {{Imaginary interfaces: spatial interaction with empty hands and without visual feedback}},
booktitle = {UIST '10 Proceedings of the 23nd annual ACM symposium on User interface software and technology},
year = {2010}
}

@article{Palleau:2013ho,
author = {Palleau, E and Reece, S and Desai, S C and Smith, M E},
title = {{Self-Healing Stretchable Wires for Reconfigurable Circuit Wiring and 3D Microfluidics}},
journal = {Advanced Materials},
year = {2013}
}

@inproceedings{Anonymous:kfL29Uu6,
author = {Savage, Valkyrie and Zhang, Xiaohan and Hartmann, Bj{\"o}rn},
title = {{Midas: Fabricating Custom Capacitive Touch Sensors to Prototype Interactive Objects}},
booktitle = {UIST '12 Proceedings of the 25th annual ACM symposium on User interface software and technology},
year = {2012},
pages = {1--9},
month = aug
}

@webpage{Fanning:v_9LfC8A,
author = {Fanning, Arden},
title = {{The Tattoo-as-Jewelry Phenomenon: How to Master The New Metallic Body Art}},
url = {http://www.vogue.com/946361/temporary-gold-fashion-tattoos/}
}

@article{Rattfalt:2013ts,
author = {Rattf{\"a}lt, L and Bj{\"o}refors, F and Nilsson, D and Wang, X},
title = {{Properties of screen printed electrocardiography smartware electrodes investigated in an electro-chemical cell}},
journal = {BioMedical Engineering OnLine},
year = {2013}
}

@article{Boley:2014dr,
author = {Boley, J W and White, E L and Chiu, GTC},
title = {{Direct Writing of Gallium-Indium Alloy for Stretchable Electronics}},
journal = {Advanced Functional Materials},
year = {2014}
}

@article{Anonymous:B3sm98vS,
author = {Bell, G and Brooke, T and Churchill, E and Paulos, E},
title = {{Intimate ubiquitous computing}},
journal = {UBICOMP'03 Workshop on International Joint Conference on Pervasive and Ubiquitous Computing},
year = {2003}
}

@article{Lee:2013tt,
author = {Lee, H and Choi, Y S and Lee, S and Shim, E},
title = {{Smart pose: mobile posture-aware system for lowering physical health risk of smartphone users}},
journal = {CHI '13 Extended Abstracts on Human Factors in Computing Systems},
year = {2013}
}

@inproceedings{Olberding:2014ds,
author = {Olberding, Simon and Wessely, Michael and Steimle, Jurgen},
title = {{PrintScreen}},
booktitle = {UIST'14 In Proceedings of the 27th annual ACM symposium on User interface software and technology},
year = {2014},
pages = {281--290},
publisher = {ACM Press},
address = {New York, New York, USA}
}

@article{Jang:1hs,
author = {Jang, Kyung-In and Chung, Ha Uk and Xu, Sheng and Lee, Chi Hwan and Luan, Haiwen and Jeong, Jaewoong and Cheng, Huanyu and Kim, Gwang-Tae and Han, Sang Youn and Lee, Jung Woo and Kim, Jeonghyun and Cho, Moongee and Miao, Fuxing and Yang, Yiyuan and Jung, Han Na and Flavin, Matthew and Liu, Howard and Kong, Gil Woo and Yu, Ki Jun and Il Rhee, Sang and Chung, Jeahoon and Kim, Byunggik and Kwak, Jean Won and Yun, Myoung Hee and Kim, Jin Young and Song, Young Min and Paik, Ungyu and Zhang, Yihui and Huang, Yonggang and Rogers, John a},
title = {{Soft network composite materials with deterministic and bio-inspired designs}},
journal = {Nature Communications},
year = {1},
pages = {1--11}
}

@booklet{Arp:2012ws,
title = {{Tattoos-Philosophy for Everyone: I Ink, Therefore I Am}},
author = {Arp, R},
year = {2012}
}

@inproceedings{JurgenSteimle:2013tp,
author = {Steimle, J and Jordt, A and Maes, P},
title = {{Flexpad: highly flexible bending interactions for projected handheld displays}},
booktitle = {CHI '13 Proceedings of the SIGCHI Conference on Human Factors in Computing Systems},
year = {2013}
}

@article{Balagadde:2005bk,
author = {Balagadde, F K},
title = {{Long-Term Monitoring of Bacteria Undergoing Programmed Population Control in a Microchemostat}},
journal = {Science},
year = {2005},
volume = {309},
number = {5731},
pages = {137--140},
month = jul
}

@article{Muth:2014bv,
author = {Muth, J T and Vogt, D M and Truby, R L and Meng{\"u}{\c c}, Y},
title = {{Embedded 3D printing of strain sensors within highly stretchable elastomers}},
journal = {Advanced Materials},
year = {2014}
}

@article{YongLaePark:2012dy,
author = {Yong-Lae Park and Bor-Rong Chen and Wood, R J},
title = {{Design and Fabrication of Soft Artificial Skin Using Embedded Microchannels and Liquid Conductors}},
journal = {IEEE Sensors Journal},
year = {2012},
volume = {12},
number = {8},
pages = {2711--2718},
month = jun
}

@article{Koschwanez:2009ig,
author = {Koschwanez, John H and Carlson, Robert H and Meldrum, Deirdre R},
title = {{Thin PDMS Films Using Long Spin Times or Tert-Butyl Alcohol as a Solvent}},
journal = {PLoS ONE},
year = {2009},
volume = {4},
number = {2},
pages = {e4572--5},
month = feb
}

@inproceedings{Peiris:2014fm,
author = {Peiris, Roshan Lalintha and Nanayakkara, Suranga},
title = {{PaperPixels}},
booktitle = {the 26th Australian Computer-Human Interaction Conference},
year = {2014},
pages = {498--504},
publisher = {ACM Press},
address = {New York, New York, USA}
}

@article{Anonymous:BBKIC9BZ,
author = {Xu, S and Zhang, Y and Jia, L and Mathewson, K E and Jang, K I and Kim, J and Rogers, John},
title = {{Soft microfluidic assemblies of sensors, circuits, and radios for the skin}},
journal = {Science},
year = {2014}
}

@inproceedings{MunehikoSato:2012we,
author = {Sato, M and Poupyrev, I and Harrison, C},
title = {{Touch{\'e}: enhancing touch interaction on humans, screens, liquids, and everyday objects}},
booktitle= {CHI '15 Proceedings of the 33rd Annual ACM Conference on Human Factors in Computing Systems},
year = {2012}
}

@article{McLeod:2014ua,
author = {McLeod, J M},
title = {{The hidden mark: an ethnographic examination of visibility in heavily tattooed professionals}},
year = {2014}
}

@article{Lisa:2010tq,
author = {Lepinski, J and Vertegaal, R},
title = {{Cloth displays: interacting with drapable textile screens}},
journal = {Proceedings of the 5th International Conference on Tangible and Embedded Interaction 2011},
year = {2011}
}

